@inproceedings{DrelaASWING,
  title={Integrated simulation model for preliminary aerodynamic, structur.al, and control-law design of aircraft},
  author={Drela, Mark},
  booktitle={40th Structures, Structural Dynamics, and Materials Conference and Exhibit},
  volume={99},
  pages={1394},
  year={1999}, 
  month={April},
  doi={10.2514/6.1999-1394}
}